<record><leader>00000cas a2200000 a 4500</leader><controlfield tag="001">9940099</controlfield><controlfield tag="008">830923d18561926nyuwr ne      0    0eng c</controlfield><datafield ind1=" " ind2=" " tag="010"><subfield code="a">sn 83031518 </subfield></datafield><datafield ind1=" " ind2=" " tag="040"><subfield code="a">NPU</subfield><subfield code="b">eng</subfield><subfield code="c">NPU</subfield><subfield code="d">NPX</subfield><subfield code="d">NYS</subfield><subfield code="d">DLC</subfield><subfield code="d">OCL</subfield><subfield code="d">NYS</subfield><subfield code="d">OCL</subfield><subfield code="d">TGN</subfield><subfield code="d">NYS</subfield><subfield code="d">OCLCQ</subfield><subfield code="d">OCLCF</subfield><subfield code="d">OCLCO</subfield></datafield><datafield ind1=" " ind2=" " tag="012"><subfield code="b">3</subfield></datafield><datafield ind1=" " ind2=" " tag="019"><subfield code="a">11048280</subfield></datafield><datafield ind1="1" ind2=" " tag="029"><subfield code="a">AU@</subfield><subfield code="b">000020286875</subfield></datafield><datafield ind1=" " ind2=" " tag="042"><subfield code="a">pcc</subfield></datafield><datafield ind1=" " ind2=" " tag="043"><subfield code="a">n-us-ny</subfield></datafield><datafield ind1=" " ind2="4" tag="050"><subfield code="a">F127.Y3</subfield><subfield code="b">R6</subfield></datafield><datafield ind1="0" ind2="0" tag="245"><subfield code="a">Yates County chronicle.</subfield></datafield><datafield ind1="3" ind2="0" tag="246"><subfield code="a">Yates chronicle</subfield></datafield><datafield ind1="1" ind2="3" tag="246"><subfield code="a">Yates Co. chronicle</subfield></datafield><datafield ind1=" " ind2=" " tag="260"><subfield code="a">Penn Yan, N.Y. :</subfield><subfield code="b">S.C. Cleveland,</subfield><subfield code="c">1856-1926.</subfield></datafield><datafield ind1=" " ind2=" " tag="300"><subfield code="a">v. ;</subfield><subfield code="c">66 cm.</subfield></datafield><datafield ind1=" " ind2=" " tag="310"><subfield code="a">Weekly</subfield></datafield><datafield ind1="0" ind2=" " tag="362"><subfield code="a">Vol. 14, no. 1 (Jan. 3, 1856)-v. 103, no. 1 (Jan. 6, 1926).</subfield></datafield><datafield ind1=" " ind2=" " tag="500"><subfield code="a">"County" appears within title ornament, &lt;June 25-July 2, 1863&gt;</subfield></datafield><datafield ind1=" " ind2=" " tag="580"><subfield code="a">Semiweekly ed.: Chronicle (Penn Yan, N.Y.).</subfield></datafield><datafield ind1=" " ind2=" " tag="580"><subfield code="a">Merged with: Rushville chronicle and Gorham new age, and: Penn Yan express, to form: Chronicle-express.</subfield></datafield><datafield ind1=" " ind2="0" tag="651"><subfield code="a">Penn Yan (N.Y.)</subfield><subfield code="v">Newspapers.</subfield></datafield><datafield ind1=" " ind2="0" tag="651"><subfield code="a">Yates County (N.Y.)</subfield><subfield code="v">Newspapers.</subfield></datafield><datafield ind1=" " ind2="7" tag="655"><subfield code="a">Newspapers.</subfield><subfield code="2">fast</subfield><subfield code="0">(OCoLC)fst01423814</subfield></datafield><datafield ind1=" " ind2="7" tag="651"><subfield code="a">New York (State)</subfield><subfield code="z">Penn Yan.</subfield><subfield code="2">fast</subfield><subfield code="0">(OCoLC)fst01220518</subfield></datafield><datafield ind1=" " ind2="7" tag="651"><subfield code="a">New York (State)</subfield><subfield code="z">Yates County.</subfield><subfield code="2">fast</subfield><subfield code="0">(OCoLC)fst01209739</subfield></datafield><datafield ind1=" " ind2=" " tag="752"><subfield code="a">United States</subfield><subfield code="b">New York</subfield><subfield code="c">Yates</subfield><subfield code="d">Penn Yan.</subfield></datafield><datafield ind1="0" ind2=" " tag="775"><subfield code="t">Daily chronicle (Penn Yan, N.Y.)</subfield><subfield code="w">(DLC)sn 90066032</subfield><subfield code="w">(OCoLC)21390550</subfield></datafield><datafield ind1="1" ind2=" " tag="775"><subfield code="t">Chronicle (Penn Yan, N.Y.)</subfield><subfield code="w">(DLC)sn 90066035</subfield><subfield code="w">(OCoLC)21390425</subfield></datafield><datafield ind1="0" ind2="0" tag="780"><subfield code="t">Yates County Whig</subfield><subfield code="w">(DLC)sn 83031797</subfield><subfield code="w">(OCoLC)9978451</subfield></datafield><datafield ind1="1" ind2="7" tag="785"><subfield code="t">Rushville chronicle and Gorham new age</subfield><subfield code="w">(DLC)sn 84031426</subfield><subfield code="w">(OCoLC)10930086</subfield></datafield><datafield ind1="1" ind2="7" tag="785"><subfield code="t">Penn Yan express</subfield><subfield code="w">(DLC)sn 83031516</subfield><subfield code="w">(OCoLC)9940326</subfield></datafield><datafield ind1="1" ind2="7" tag="785"><subfield code="t">Chronicle-express (Penn Yan, N.Y.)</subfield><subfield code="w">(DLC)sn 84031443</subfield><subfield code="w">(OCoLC)11048387</subfield></datafield></record>